<?xml version="1.0" encoding="UTF-8"?><record xmlns="http://www.loc.gov/MARC21/slim" xmlns:cinclude="http://apache.org/cocoon/include/1.0" xmlns:zs="http://www.loc.gov/zing/srw/">
  <leader>00375nz  a2200121n  4500</leader>
  <controlfield tag="001">n  85129596 </controlfield>
  <controlfield tag="003">DLC</controlfield>
  <controlfield tag="005">19851008144611.1</controlfield>
  <controlfield tag="008">850930n| acannaab|          |n aaa |||  </controlfield>
  <datafield tag="010" ind1=" " ind2=" ">
    <subfield code="a">n  85129596 </subfield>
  </datafield>
  <datafield tag="040" ind1=" " ind2=" ">
    <subfield code="a">DLC</subfield>
    <subfield code="c">DLC</subfield>
    <subfield code="d">DLC</subfield>
  </datafield>
  <datafield tag="100" ind1="1" ind2="0">
    <subfield code="a">Bahr, Janice M.</subfield>
  </datafield>
  <datafield tag="670" ind1=" " ind2=" ">
    <subfield code="a">Catecholamines as hormone regulators, c1985:</subfield>
    <subfield code="b">t.p. (Janice M. Bahr, Dept. of Animal Sci., Univ. of Ill., Urbana, Ill.)</subfield>
  </datafield>
</record>